<?xml version="1.0" encoding="UTF-8"?><collection xmlns="http://www.loc.gov/MARC21/slim"><record><leader>00609nam--2200205-u-4500</leader><controlfield tag="001">000052812</controlfield><controlfield tag="002">20161230</controlfield><controlfield tag="005">20161230201050</controlfield><controlfield tag="008">101115s1000------------r-----000-0-eng-d</controlfield><datafield ind1=" " ind2=" " tag="020"><subfield code="a">9780387874944</subfield></datafield><datafield ind1=" " ind2=" " tag="040"><subfield code="a">IFIN-HH</subfield></datafield><datafield ind1=" " ind2=" " tag="080"><subfield code="a">539.145:539</subfield></datafield><datafield ind1="1" ind2=" " tag="100"><subfield code="a">Frank Alejandro</subfield></datafield><datafield ind1="1" ind2="0" tag="245"><subfield code="a">Symmetries in atomic nuclei</subfield><subfield code="b">From isospin to supersymmetry</subfield><subfield code="c">Alejandro frank; jan jolie; pieter van isacker</subfield></datafield><datafield ind1=" " ind2=" " tag="260"><subfield code="a">New York</subfield><subfield code="b">Springer</subfield><subfield code="c">2009</subfield></datafield><datafield ind1=" " ind2=" " tag="300"><subfield code="a">185 P</subfield></datafield><datafield ind1=" " ind2=" " tag="490"><subfield code="a">Springer Tracts In Modern Physics</subfield><subfield code="v">vol. 230</subfield></datafield><datafield ind1="1" ind2=" " tag="700"><subfield code="a">Isacker, Pieter Van</subfield></datafield><datafield ind1=" " ind2=" " tag="852"><subfield code="a">82297</subfield><subfield code="c">53</subfield></datafield><datafield ind1=" " ind2=" " tag="CAT"><subfield code="a">Sys</subfield><subfield code="c">20160210</subfield><subfield code="h">105128</subfield></datafield></record></collection>